%1

@online{CDMX,
author = "Gobierno de la Ciudad de México",
title = "Calidad del aire",
url = "http://www.aire.cdmx.gob.mx/default.php?opc=\%27aKBhnmI=\%27&opcion=aw==",
}
%2
@online{INE,
author = "Instituto Nacional Electoral",
title = "Padrón Electoral",
url = "https://www.ine.mx/transparencia/datos-abiertos/#/archivo/estadistica-padron-electoral-lista-nominal-electores",
}